@inproceedings{hitaj2019passgan,
  title={{PassGAN}: A deep learning approach for password guessing},
  author={Hitaj, Briland and Gasti, Paolo and Ateniese, Giuseppe and Perez-Cruz,
Fernando},
  booktitle={Applied Cryptography and Network Security: 17th International
Conference, ACNS 2019, Bogota, Colombia, June 5--7, 2019, Proceedings 17},
  pages={217--237},
  year={2019},
  organization={Springer}
}

@inproceedings{pasquini2021improving,
  title={Improving password guessing via representation learning},
  author={Pasquini, Dario and Gangwal, Ankit and Ateniese, Giuseppe and
Bernaschi, Massimo and Conti, Mauro},
  booktitle={2021 IEEE Symposium on Security and Privacy (SP)},
  pages={1382--1399},
  year={2021},
  organization={IEEE}
}

@inproceedings{bonneau2012statistical,
  title={Statistical metrics for individual password strength},
  author={Bonneau, Joseph},
  booktitle={Security Protocols XX: 20th International Workshop, Cambridge, UK,
April 12-13, 2012, Revised Selected Papers 20},
  pages={76--86},
  year={2012},
  organization={Springer}
}
